@techreport{nvidia2017turing,
  title={NVIDIA Turing GPU Architecture},
  number={WP-09183-001_v01}
  author={Nvidia},
  year={2018}
  type={White Paper}
  url={https://images.nvidia.com/aem-dam/en-zz/Solutions/design-visualization/technologies/turing-architecture/NVIDIA-Turing-Architecture-Whitepaper.pdf}
}